<?xml version="1.0" encoding="UTF-8"?><collection xmlns="http://www.loc.gov/MARC21/slim"><record><leader>00481nam--2200181-i-4500</leader><controlfield tag="001">000018452</controlfield><controlfield tag="002">20161230</controlfield><controlfield tag="005">20161230201032</controlfield><controlfield tag="008">060222s1000------------r-----000-0-eng-d</controlfield><datafield ind1=" " ind2=" " tag="040"><subfield code="a">IFIN-HH</subfield></datafield><datafield ind1=" " ind2=" " tag="080"><subfield code="a">537.523</subfield></datafield><datafield ind1="1" ind2=" " tag="100"><subfield code="a">Ferri, A</subfield></datafield><datafield ind1="1" ind2="0" tag="245"><subfield code="a">Fundamental data obtained from shock-tube experiments</subfield><subfield code="c">A. FERRI (Ed.)</subfield></datafield><datafield ind1=" " ind2=" " tag="260"><subfield code="a">London, Pergamon Press, 1961</subfield></datafield><datafield ind1=" " ind2=" " tag="300"><subfield code="a">XI + 415 P</subfield></datafield><datafield ind1=" " ind2=" " tag="490"><subfield code="a">AGARDOGRAPH No.41</subfield></datafield><datafield ind1=" " ind2=" " tag="852"><subfield code="a">16819</subfield><subfield code="c">533.7</subfield></datafield><datafield ind1=" " ind2=" " tag="CAT"><subfield code="a">Sys</subfield><subfield code="c">20100915</subfield><subfield code="h">111846</subfield></datafield></record></collection>